<?xml version="1.0" encoding="UTF-8"?>
<marc:record xmlns:marc="http://www.loc.gov/MARC21/slim" xmlns:xsi="http://www.w3.org/2001/XMLSchema-instance" xsi:schemaLocation="http://www.loc.gov/standards/marcxml/schema/MARC21slim.xsd">
  <marc:leader>00000ndm a2200000 u 4500</marc:leader>
  <marc:controlfield tag="001">1001139984</marc:controlfield>
  <marc:controlfield tag="003">DE-633</marc:controlfield>
  <marc:controlfield tag="005">20210923121017.0</marc:controlfield>
  <marc:controlfield tag="008">201217##################################</marc:controlfield>
  <marc:datafield tag="031" ind1=" " ind2=" ">
    <marc:subfield code="a">1</marc:subfield>
    <marc:subfield code="b">1</marc:subfield>
    <marc:subfield code="c">1</marc:subfield>
    <marc:subfield code="d">Adagio</marc:subfield>
    <marc:subfield code="g">C-1</marc:subfield>
    <marc:subfield code="m">S</marc:subfield>
    <marc:subfield code="n">xFC</marc:subfield>
    <marc:subfield code="o">c</marc:subfield>
    <marc:subfield code="p">=9/8.''F6F8EE4D8DD/4DC8DnC4C/2'BA/G4F8''DD/DC4-2-/</marc:subfield>
    <marc:subfield code="r">D</marc:subfield>
    <marc:subfield code="t">Kyrie eleison</marc:subfield>
    <marc:subfield code="2">pe</marc:subfield>
  </marc:datafield>
  <marc:datafield tag="031" ind1=" " ind2=" ">
    <marc:subfield code="a">1</marc:subfield>
    <marc:subfield code="b">2</marc:subfield>
    <marc:subfield code="c">1</marc:subfield>
    <marc:subfield code="d">Allegro</marc:subfield>
    <marc:subfield code="g">C-1</marc:subfield>
    <marc:subfield code="m">S</marc:subfield>
    <marc:subfield code="n">xFC</marc:subfield>
    <marc:subfield code="o">c</marc:subfield>
    <marc:subfield code="p">=7/2''D4EG/FDCE/4.D'8A2A/4B8BB4BA/A''FDC/'2G4''E'G/FA''2D/</marc:subfield>
    <marc:subfield code="r">D</marc:subfield>
    <marc:subfield code="t">Gloria in excelsis Deo</marc:subfield>
    <marc:subfield code="2">pe</marc:subfield>
  </marc:datafield>
  <marc:datafield tag="031" ind1=" " ind2=" ">
    <marc:subfield code="a">1</marc:subfield>
    <marc:subfield code="b">3</marc:subfield>
    <marc:subfield code="c">1</marc:subfield>
    <marc:subfield code="d">Credo, Allegro</marc:subfield>
    <marc:subfield code="g">C-1</marc:subfield>
    <marc:subfield code="m">s</marc:subfield>
    <marc:subfield code="n">xFC</marc:subfield>
    <marc:subfield code="o">c</marc:subfield>
    <marc:subfield code="p">2''F4E8-E/FFEE2D/8CCDE4'B8BB/AA''DDE6DD8.C6C/8D</marc:subfield>
    <marc:subfield code="r">D</marc:subfield>
    <marc:subfield code="t">Patrem omni potentem factorem</marc:subfield>
    <marc:subfield code="2">pe</marc:subfield>
  </marc:datafield>
  <marc:datafield tag="031" ind1=" " ind2=" ">
    <marc:subfield code="a">1</marc:subfield>
    <marc:subfield code="b">4</marc:subfield>
    <marc:subfield code="c">1</marc:subfield>
    <marc:subfield code="d">Adagio</marc:subfield>
    <marc:subfield code="g">C-1</marc:subfield>
    <marc:subfield code="m">S</marc:subfield>
    <marc:subfield code="n">xFC</marc:subfield>
    <marc:subfield code="o">c</marc:subfield>
    <marc:subfield code="p">2''D4C-/2F4E-/2-4.'B8B/''C6CC8DE4.D8C/2D-/</marc:subfield>
    <marc:subfield code="r">D</marc:subfield>
    <marc:subfield code="t">Sanctus sanctus sanctus Dominus Deus</marc:subfield>
    <marc:subfield code="2">pe</marc:subfield>
  </marc:datafield>
  <marc:datafield tag="031" ind1=" " ind2=" ">
    <marc:subfield code="a">1</marc:subfield>
    <marc:subfield code="b">5</marc:subfield>
    <marc:subfield code="c">1</marc:subfield>
    <marc:subfield code="g">C-1</marc:subfield>
    <marc:subfield code="m">S</marc:subfield>
    <marc:subfield code="n">xFC</marc:subfield>
    <marc:subfield code="o">2/4</marc:subfield>
    <marc:subfield code="p">=18/4''DE/8F6EDgF{8E6DC}/4D-/=/8-FF6ED/</marc:subfield>
    <marc:subfield code="r">D</marc:subfield>
    <marc:subfield code="t">Benedictus qui venit</marc:subfield>
    <marc:subfield code="2">pe</marc:subfield>
  </marc:datafield>
  <marc:datafield tag="031" ind1=" " ind2=" ">
    <marc:subfield code="a">1</marc:subfield>
    <marc:subfield code="b">6</marc:subfield>
    <marc:subfield code="c">1</marc:subfield>
    <marc:subfield code="d">Allegro</marc:subfield>
    <marc:subfield code="g">C-1</marc:subfield>
    <marc:subfield code="m">S</marc:subfield>
    <marc:subfield code="n">xFC</marc:subfield>
    <marc:subfield code="o">c</marc:subfield>
    <marc:subfield code="p">2''D{8C'A}{B''C}/D'A''E'A''FE4D/C8-E4DC/'B8AB{''CD}{E6DC}/'4B</marc:subfield>
    <marc:subfield code="r">D</marc:subfield>
    <marc:subfield code="t">Osanna in excelsis</marc:subfield>
    <marc:subfield code="2">pe</marc:subfield>
  </marc:datafield>
  <marc:datafield tag="031" ind1=" " ind2=" ">
    <marc:subfield code="a">1</marc:subfield>
    <marc:subfield code="b">7</marc:subfield>
    <marc:subfield code="c">1</marc:subfield>
    <marc:subfield code="d">Adagio</marc:subfield>
    <marc:subfield code="g">C-3</marc:subfield>
    <marc:subfield code="m">A</marc:subfield>
    <marc:subfield code="n">xFC</marc:subfield>
    <marc:subfield code="o">c</marc:subfield>
    <marc:subfield code="p">=5/2-4.G8G/gAAG-GE6''C'B8AG/GF4-2-/8-4G8G6{GEFG}{8AG}/F{FAF}4E-/</marc:subfield>
    <marc:subfield code="r">D</marc:subfield>
    <marc:subfield code="t">Agnus Dei</marc:subfield>
    <marc:subfield code="2">pe</marc:subfield>
  </marc:datafield>
  <marc:datafield tag="031" ind1=" " ind2=" ">
    <marc:subfield code="a">1</marc:subfield>
    <marc:subfield code="b">8</marc:subfield>
    <marc:subfield code="c">1</marc:subfield>
    <marc:subfield code="g">C-1</marc:subfield>
    <marc:subfield code="m">S</marc:subfield>
    <marc:subfield code="n">xFC</marc:subfield>
    <marc:subfield code="o">2/4</marc:subfield>
    <marc:subfield code="p">4.''D{6CD}/4.E{6FG}/8F4D8C/4D-/2D/8DCD{6EF}/4.E{6FG}/8FE4-/</marc:subfield>
    <marc:subfield code="r">D</marc:subfield>
    <marc:subfield code="t">Dona nobis pacem</marc:subfield>
    <marc:subfield code="2">pe</marc:subfield>
  </marc:datafield>
  <marc:datafield tag="040" ind1=" " ind2=" ">
    <marc:subfield code="a">DE-633</marc:subfield>
  </marc:datafield>
  <marc:datafield tag="041" ind1="0" ind2=" ">
    <marc:subfield code="a">lat</marc:subfield>
  </marc:datafield>
  <marc:datafield tag="100" ind1="1" ind2=" ">
    <marc:subfield code="a">Kalous, Václav</marc:subfield>
    <marc:subfield code="d">1715-1786</marc:subfield>
    <marc:subfield code="j">Conjectural</marc:subfield>
    <marc:subfield code="0">pe30001658</marc:subfield>
  </marc:datafield>
  <marc:datafield tag="240" ind1="1" ind2="0">
    <marc:subfield code="a">Missa solemnis</marc:subfield>
    <marc:subfield code="m">Coro, orch, org</marc:subfield>
    <marc:subfield code="r">D</marc:subfield>
    <marc:subfield code="0">3900743</marc:subfield>
  </marc:datafield>
  <marc:datafield tag="245" ind1="1" ind2="0">
    <marc:subfield code="a">N:74 | In D | Missa Solemnis. | Immola Deo. Sacrificium Laudis. | a | Canto, Alto. | Tenore, Basso. | Violinis duobus. | Obois duobus | {oblig: | Trombonis duobus | Clarinis duobus. | con | ORGANO. | Authore Delo Patre Simone a S:Barthol: | Scholarum Piarum | Navratil</marc:subfield>
  </marc:datafield>
  <marc:datafield tag="260" ind1=" " ind2=" ">
    <marc:subfield code="c">18th century, 2nd half</marc:subfield>
    <marc:subfield code="8">01</marc:subfield>
  </marc:datafield>
  <marc:datafield tag="300" ind1=" " ind2=" ">
    <marc:subfield code="a">13 parts; 82 p.</marc:subfield>
    <marc:subfield code="c">26 x 34,5 cm</marc:subfield>
    <marc:subfield code="8">01</marc:subfield>
  </marc:datafield>
  <marc:datafield tag="500" ind1=" " ind2=" ">
    <marc:subfield code="a">[pl-text: Pieczęć: „ARCHIWUM I BIBLIOTEKA”, „Krakowskiej Kapituły Katedralnej” na odwrocie karty tytułowej. Pieczęć: „CATH. CRAC. * ARCH. CAPIT.” pojawia się 25 razy, umieszczona w dolnym brzegu kart.]</marc:subfield>
  </marc:datafield>
  <marc:datafield tag="500" ind1=" " ind2=" ">
    <marc:subfield code="a">[pl-text: Foliacja w źródle naniesiona ołówkiem.]</marc:subfield>
  </marc:datafield>
  <marc:datafield tag="500" ind1=" " ind2=" ">
    <marc:subfield code="a">[pl-text: W lewym górnym rogu na pierwszej stronie każdej partii naniesiona ołówkiem sygnatura: "Kk.I.473".]</marc:subfield>
  </marc:datafield>
  <marc:datafield tag="590" ind1=" " ind2=" ">
    <marc:subfield code="a">Coro: S, A, T, B; vl 1, 2, vla or trb 1, 2, ob 1, 2, clno 1, 2, org</marc:subfield>
    <marc:subfield code="b">8, 8, 8, 8, 10, 8, 4, 4, 6, 4, 2, 2, 10 p.</marc:subfield>
    <marc:subfield code="8">01</marc:subfield>
  </marc:datafield>
  <marc:datafield tag="593" ind1=" " ind2=" ">
    <marc:subfield code="a">Manuscript copy</marc:subfield>
    <marc:subfield code="8">01</marc:subfield>
  </marc:datafield>
  <marc:datafield tag="594" ind1=" " ind2=" ">
    <marc:subfield code="b">S solo</marc:subfield>
    <marc:subfield code="c">1</marc:subfield>
  </marc:datafield>
  <marc:datafield tag="594" ind1=" " ind2=" ">
    <marc:subfield code="b">A solo</marc:subfield>
    <marc:subfield code="c">1</marc:subfield>
  </marc:datafield>
  <marc:datafield tag="594" ind1=" " ind2=" ">
    <marc:subfield code="b">T coro</marc:subfield>
    <marc:subfield code="c">1</marc:subfield>
  </marc:datafield>
  <marc:datafield tag="594" ind1=" " ind2=" ">
    <marc:subfield code="b">B coro</marc:subfield>
    <marc:subfield code="c">1</marc:subfield>
  </marc:datafield>
  <marc:datafield tag="594" ind1=" " ind2=" ">
    <marc:subfield code="b">vl</marc:subfield>
    <marc:subfield code="c">2</marc:subfield>
  </marc:datafield>
  <marc:datafield tag="594" ind1=" " ind2=" ">
    <marc:subfield code="b">vla or trb</marc:subfield>
    <marc:subfield code="c">2</marc:subfield>
  </marc:datafield>
  <marc:datafield tag="594" ind1=" " ind2=" ">
    <marc:subfield code="b">ob</marc:subfield>
    <marc:subfield code="c">2</marc:subfield>
  </marc:datafield>
  <marc:datafield tag="594" ind1=" " ind2=" ">
    <marc:subfield code="b">clno in D</marc:subfield>
    <marc:subfield code="c">2</marc:subfield>
  </marc:datafield>
  <marc:datafield tag="594" ind1=" " ind2=" ">
    <marc:subfield code="b">org (= bc)</marc:subfield>
    <marc:subfield code="c">1</marc:subfield>
  </marc:datafield>
  <marc:datafield tag="594" ind1=" " ind2=" ">
    <marc:subfield code="a">S solo, A solo, T coro, B coro, vl (2), vla or trb (2), ob (2), clno in D (2), org (= bc)</marc:subfield>
  </marc:datafield>
  <marc:datafield tag="599" ind1=" " ind2=" ">
    <marc:subfield code="b">full</marc:subfield>
  </marc:datafield>
  <marc:datafield tag="650" ind1="0" ind2="7">
    <marc:subfield code="a">Masses</marc:subfield>
    <marc:subfield code="0">25133</marc:subfield>
  </marc:datafield>
  <marc:datafield tag="700" ind1="1" ind2=" ">
    <marc:subfield code="a">Navrátil, František</marc:subfield>
    <marc:subfield code="d">1732c-1802</marc:subfield>
    <marc:subfield code="0">pe30002322</marc:subfield>
    <marc:subfield code="4">asn</marc:subfield>
  </marc:datafield>
  <marc:datafield tag="852" ind1=" " ind2=" ">
    <marc:subfield code="a">PL-Kk</marc:subfield>
    <marc:subfield code="e">Archiwum i Biblioteka Krakowskiej Kapituły Katedralnej</marc:subfield>
    <marc:subfield code="x">ks30002080</marc:subfield>
    <marc:subfield code="c">Kk.I.473</marc:subfield>
    <marc:subfield code="p"/>
    <marc:subfield code="q"/>
    <marc:subfield code="u"/>
    <marc:subfield code="z"/>
  </marc:datafield>
  <marc:datafield tag="980" ind1=" " ind2=" ">
    <marc:subfield code="a">RISM</marc:subfield>
    <marc:subfield code="c">examined</marc:subfield>
  </marc:datafield>
</marc:record>
